%YAML 1.1
%TAG !u! tag:unity3d.com,2011:
--- !u!1 &3732520673722543466
GameObject:
  m_ObjectHideFlags: 0
  m_CorrespondingSourceObject: {fileID: 0}
  m_PrefabInstance: {fileID: 0}
  m_PrefabAsset: {fileID: 0}
  serializedVersion: 6
  m_Component:
  - component: {fileID: 3169236904740019202}
  - component: {fileID: 4292951775563950336}
  - component: {fileID: 7414335158762859780}
  - component: {fileID: 4277811862784727978}
  - component: {fileID: 6838760285529122853}
  m_Layer: 5
  m_Name: WebBrowserWindow
  m_TagString: Untagged
  m_Icon: {fileID: 0}
  m_NavMeshLayer: 0
  m_StaticEditorFlags: 0
  m_IsActive: 1
--- !u!224 &3169236904740019202
RectTransform:
  m_ObjectHideFlags: 0
  m_CorrespondingSourceObject: {fileID: 0}
  m_PrefabInstance: {fileID: 0}
  m_PrefabAsset: {fileID: 0}
  m_GameObject: {fileID: 3732520673722543466}
  m_LocalRotation: {x: 0, y: 0, z: 0, w: 1}
  m_LocalPosition: {x: 0, y: 0, z: 0}
  m_LocalScale: {x: 1, y: 1, z: 1}
  m_ConstrainProportionsScale: 0
  m_Children:
  - {fileID: 2390770831259314939}
  m_Father: {fileID: 0}
  m_RootOrder: 0
  m_LocalEulerAnglesHint: {x: 0, y: 0, z: 0}
  m_AnchorMin: {x: 0.5, y: 0.5}
  m_AnchorMax: {x: 0.5, y: 0.5}
  m_AnchoredPosition: {x: 0, y: -0.000029564}
  m_SizeDelta: {x: 1154.6504, y: 746.7197}
  m_Pivot: {x: 0.5, y: 0.5}
--- !u!222 &4292951775563950336
CanvasRenderer:
  m_ObjectHideFlags: 0
  m_CorrespondingSourceObject: {fileID: 0}
  m_PrefabInstance: {fileID: 0}
  m_PrefabAsset: {fileID: 0}
  m_GameObject: {fileID: 3732520673722543466}
  m_CullTransparentMesh: 1
--- !u!114 &7414335158762859780
MonoBehaviour:
  m_ObjectHideFlags: 0
  m_CorrespondingSourceObject: {fileID: 0}
  m_PrefabInstance: {fileID: 0}
  m_PrefabAsset: {fileID: 0}
  m_GameObject: {fileID: 3732520673722543466}
  m_Enabled: 0
  m_EditorHideFlags: 0
  m_Script: {fileID: 11500000, guid: fe87c0e1cc204ed48ad3b37840f39efc, type: 3}
  m_Name: 
  m_EditorClassIdentifier: 
  m_Material: {fileID: 0}
  m_Color: {r: 1, g: 1, b: 1, a: 1}
  m_RaycastTarget: 1
  m_RaycastPadding: {x: 0, y: 0, z: 0, w: 0}
  m_Maskable: 1
  m_OnCullStateChanged:
    m_PersistentCalls:
      m_Calls: []
  m_Sprite: {fileID: 0}
  m_Type: 0
  m_PreserveAspect: 0
  m_FillCenter: 1
  m_FillMethod: 4
  m_FillAmount: 1
  m_FillClockwise: 1
  m_FillOrigin: 0
  m_UseSpriteMesh: 0
  m_PixelsPerUnitMultiplier: 1
--- !u!225 &4277811862784727978
CanvasGroup:
  m_ObjectHideFlags: 0
  m_CorrespondingSourceObject: {fileID: 0}
  m_PrefabInstance: {fileID: 0}
  m_PrefabAsset: {fileID: 0}
  m_GameObject: {fileID: 3732520673722543466}
  m_Enabled: 1
  m_Alpha: 1
  m_Interactable: 1
  m_BlocksRaycasts: 1
  m_IgnoreParentGroups: 0
--- !u!114 &6838760285529122853
MonoBehaviour:
  m_ObjectHideFlags: 0
  m_CorrespondingSourceObject: {fileID: 0}
  m_PrefabInstance: {fileID: 0}
  m_PrefabAsset: {fileID: 0}
  m_GameObject: {fileID: 3732520673722543466}
  m_Enabled: 1
  m_EditorHideFlags: 0
  m_Script: {fileID: 11500000, guid: 86fd34c7702c3984cbe29cc07b8a5d32, type: 3}
  m_Name: 
  m_EditorClassIdentifier: 
  ScreenCanvas: {fileID: 0}
  canvasGroup: {fileID: 4277811862784727978}
  dragBase: {fileID: 858637175143782916}
  parentAfterDrag: {fileID: 0}
--- !u!1001 &5708755186296941705
PrefabInstance:
  m_ObjectHideFlags: 0
  serializedVersion: 2
  m_Modification:
    m_TransformParent: {fileID: 3169236904740019202}
    m_Modifications:
    - target: {fileID: 755623659247287979, guid: 938e08634c23816459f63ecdad2ce0ee,
        type: 3}
      propertyPath: m_Name
      value: Window
      objectReference: {fileID: 0}
    - target: {fileID: 1027386436108765938, guid: 938e08634c23816459f63ecdad2ce0ee,
        type: 3}
      propertyPath: m_AnchoredPosition.y
      value: -15.5000305
      objectReference: {fileID: 0}
    - target: {fileID: 1799059733484709848, guid: 938e08634c23816459f63ecdad2ce0ee,
        type: 3}
      propertyPath: m_Sprite
      value: 
      objectReference: {fileID: 21300000, guid: e83befb2ebc484e42bce4f993fd7f847,
        type: 3}
    - target: {fileID: 6927568154668571265, guid: 938e08634c23816459f63ecdad2ce0ee,
        type: 3}
      propertyPath: m_text
      value: Web Browser
      objectReference: {fileID: 0}
    - target: {fileID: 7932013217997801074, guid: 938e08634c23816459f63ecdad2ce0ee,
        type: 3}
      propertyPath: m_Pivot.x
      value: 0.5
      objectReference: {fileID: 0}
    - target: {fileID: 7932013217997801074, guid: 938e08634c23816459f63ecdad2ce0ee,
        type: 3}
      propertyPath: m_Pivot.y
      value: 0.5
      objectReference: {fileID: 0}
    - target: {fileID: 7932013217997801074, guid: 938e08634c23816459f63ecdad2ce0ee,
        type: 3}
      propertyPath: m_RootOrder
      value: 0
      objectReference: {fileID: 0}
    - target: {fileID: 7932013217997801074, guid: 938e08634c23816459f63ecdad2ce0ee,
        type: 3}
      propertyPath: m_AnchorMax.x
      value: 1
      objectReference: {fileID: 0}
    - target: {fileID: 7932013217997801074, guid: 938e08634c23816459f63ecdad2ce0ee,
        type: 3}
      propertyPath: m_AnchorMax.y
      value: 1
      objectReference: {fileID: 0}
    - target: {fileID: 7932013217997801074, guid: 938e08634c23816459f63ecdad2ce0ee,
        type: 3}
      propertyPath: m_AnchorMin.x
      value: 0
      objectReference: {fileID: 0}
    - target: {fileID: 7932013217997801074, guid: 938e08634c23816459f63ecdad2ce0ee,
        type: 3}
      propertyPath: m_AnchorMin.y
      value: 0
      objectReference: {fileID: 0}
    - target: {fileID: 7932013217997801074, guid: 938e08634c23816459f63ecdad2ce0ee,
        type: 3}
      propertyPath: m_SizeDelta.x
      value: 0
      objectReference: {fileID: 0}
    - target: {fileID: 7932013217997801074, guid: 938e08634c23816459f63ecdad2ce0ee,
        type: 3}
      propertyPath: m_SizeDelta.y
      value: 0
      objectReference: {fileID: 0}
    - target: {fileID: 7932013217997801074, guid: 938e08634c23816459f63ecdad2ce0ee,
        type: 3}
      propertyPath: m_LocalPosition.x
      value: 0
      objectReference: {fileID: 0}
    - target: {fileID: 7932013217997801074, guid: 938e08634c23816459f63ecdad2ce0ee,
        type: 3}
      propertyPath: m_LocalPosition.y
      value: 0
      objectReference: {fileID: 0}
    - target: {fileID: 7932013217997801074, guid: 938e08634c23816459f63ecdad2ce0ee,
        type: 3}
      propertyPath: m_LocalPosition.z
      value: 0
      objectReference: {fileID: 0}
    - target: {fileID: 7932013217997801074, guid: 938e08634c23816459f63ecdad2ce0ee,
        type: 3}
      propertyPath: m_LocalRotation.w
      value: 1
      objectReference: {fileID: 0}
    - target: {fileID: 7932013217997801074, guid: 938e08634c23816459f63ecdad2ce0ee,
        type: 3}
      propertyPath: m_LocalRotation.x
      value: 0
      objectReference: {fileID: 0}
    - target: {fileID: 7932013217997801074, guid: 938e08634c23816459f63ecdad2ce0ee,
        type: 3}
      propertyPath: m_LocalRotation.y
      value: 0
      objectReference: {fileID: 0}
    - target: {fileID: 7932013217997801074, guid: 938e08634c23816459f63ecdad2ce0ee,
        type: 3}
      propertyPath: m_LocalRotation.z
      value: 0
      objectReference: {fileID: 0}
    - target: {fileID: 7932013217997801074, guid: 938e08634c23816459f63ecdad2ce0ee,
        type: 3}
      propertyPath: m_AnchoredPosition.x
      value: 0
      objectReference: {fileID: 0}
    - target: {fileID: 7932013217997801074, guid: 938e08634c23816459f63ecdad2ce0ee,
        type: 3}
      propertyPath: m_AnchoredPosition.y
      value: 0
      objectReference: {fileID: 0}
    - target: {fileID: 7932013217997801074, guid: 938e08634c23816459f63ecdad2ce0ee,
        type: 3}
      propertyPath: m_LocalEulerAnglesHint.x
      value: 0
      objectReference: {fileID: 0}
    - target: {fileID: 7932013217997801074, guid: 938e08634c23816459f63ecdad2ce0ee,
        type: 3}
      propertyPath: m_LocalEulerAnglesHint.y
      value: 0
      objectReference: {fileID: 0}
    - target: {fileID: 7932013217997801074, guid: 938e08634c23816459f63ecdad2ce0ee,
        type: 3}
      propertyPath: m_LocalEulerAnglesHint.z
      value: 0
      objectReference: {fileID: 0}
    m_RemovedComponents: []
  m_SourcePrefab: {fileID: 100100000, guid: 938e08634c23816459f63ecdad2ce0ee, type: 3}
--- !u!1 &858637175143782916 stripped
GameObject:
  m_CorrespondingSourceObject: {fileID: 4959570871926011533, guid: 938e08634c23816459f63ecdad2ce0ee,
    type: 3}
  m_PrefabInstance: {fileID: 5708755186296941705}
  m_PrefabAsset: {fileID: 0}
--- !u!224 &2390770831259314939 stripped
RectTransform:
  m_CorrespondingSourceObject: {fileID: 7932013217997801074, guid: 938e08634c23816459f63ecdad2ce0ee,
    type: 3}
  m_PrefabInstance: {fileID: 5708755186296941705}
  m_PrefabAsset: {fileID: 0}
--- !u!224 &4718523490166417019 stripped
RectTransform:
  m_CorrespondingSourceObject: {fileID: 1027386436108765938, guid: 938e08634c23816459f63ecdad2ce0ee,
    type: 3}
  m_PrefabInstance: {fileID: 5708755186296941705}
  m_PrefabAsset: {fileID: 0}
--- !u!1001 &5844347968668311929
PrefabInstance:
  m_ObjectHideFlags: 0
  serializedVersion: 2
  m_Modification:
    m_TransformParent: {fileID: 4718523490166417019}
    m_Modifications:
    - target: {fileID: 8105660399455112873, guid: d1f6b3fc8b7c3ff4cb5c5ca90eab1e21,
        type: 3}
      propertyPath: m_AnchorMax.y
      value: 0
      objectReference: {fileID: 0}
    - target: {fileID: 8105660399455112873, guid: d1f6b3fc8b7c3ff4cb5c5ca90eab1e21,
        type: 3}
      propertyPath: m_AnchorMin.y
      value: 0
      objectReference: {fileID: 0}
    - target: {fileID: 8105660399455112873, guid: d1f6b3fc8b7c3ff4cb5c5ca90eab1e21,
        type: 3}
      propertyPath: m_SizeDelta.x
      value: 0
      objectReference: {fileID: 0}
    - target: {fileID: 8105660399455112873, guid: d1f6b3fc8b7c3ff4cb5c5ca90eab1e21,
        type: 3}
      propertyPath: m_AnchoredPosition.x
      value: 0
      objectReference: {fileID: 0}
    - target: {fileID: 8105660399455112873, guid: d1f6b3fc8b7c3ff4cb5c5ca90eab1e21,
        type: 3}
      propertyPath: m_AnchoredPosition.y
      value: 0
      objectReference: {fileID: 0}
    - target: {fileID: 8105660399585510218, guid: d1f6b3fc8b7c3ff4cb5c5ca90eab1e21,
        type: 3}
      propertyPath: m_AnchorMax.y
      value: 0
      objectReference: {fileID: 0}
    - target: {fileID: 8105660399585510218, guid: d1f6b3fc8b7c3ff4cb5c5ca90eab1e21,
        type: 3}
      propertyPath: m_AnchorMin.y
      value: 0
      objectReference: {fileID: 0}
    - target: {fileID: 8105660399585510218, guid: d1f6b3fc8b7c3ff4cb5c5ca90eab1e21,
        type: 3}
      propertyPath: m_SizeDelta.x
      value: 0
      objectReference: {fileID: 0}
    - target: {fileID: 8105660399585510218, guid: d1f6b3fc8b7c3ff4cb5c5ca90eab1e21,
        type: 3}
      propertyPath: m_AnchoredPosition.x
      value: 0
      objectReference: {fileID: 0}
    - target: {fileID: 8105660399585510218, guid: d1f6b3fc8b7c3ff4cb5c5ca90eab1e21,
        type: 3}
      propertyPath: m_AnchoredPosition.y
      value: 0
      objectReference: {fileID: 0}
    - target: {fileID: 8105660400044120009, guid: d1f6b3fc8b7c3ff4cb5c5ca90eab1e21,
        type: 3}
      propertyPath: m_AnchorMax.y
      value: 0
      objectReference: {fileID: 0}
    - target: {fileID: 8105660400044120009, guid: d1f6b3fc8b7c3ff4cb5c5ca90eab1e21,
        type: 3}
      propertyPath: m_AnchorMin.y
      value: 0
      objectReference: {fileID: 0}
    - target: {fileID: 8105660400044120009, guid: d1f6b3fc8b7c3ff4cb5c5ca90eab1e21,
        type: 3}
      propertyPath: m_SizeDelta.x
      value: 0
      objectReference: {fileID: 0}
    - target: {fileID: 8105660400044120009, guid: d1f6b3fc8b7c3ff4cb5c5ca90eab1e21,
        type: 3}
      propertyPath: m_AnchoredPosition.x
      value: 0
      objectReference: {fileID: 0}
    - target: {fileID: 8105660400044120009, guid: d1f6b3fc8b7c3ff4cb5c5ca90eab1e21,
        type: 3}
      propertyPath: m_AnchoredPosition.y
      value: 0
      objectReference: {fileID: 0}
    - target: {fileID: 8105660400751392475, guid: d1f6b3fc8b7c3ff4cb5c5ca90eab1e21,
        type: 3}
      propertyPath: m_AnchorMax.y
      value: 0
      objectReference: {fileID: 0}
    - target: {fileID: 8105660400751392475, guid: d1f6b3fc8b7c3ff4cb5c5ca90eab1e21,
        type: 3}
      propertyPath: m_AnchorMin.y
      value: 0
      objectReference: {fileID: 0}
    - target: {fileID: 8105660400751392475, guid: d1f6b3fc8b7c3ff4cb5c5ca90eab1e21,
        type: 3}
      propertyPath: m_AnchoredPosition.x
      value: 0
      objectReference: {fileID: 0}
    - target: {fileID: 8105660400751392475, guid: d1f6b3fc8b7c3ff4cb5c5ca90eab1e21,
        type: 3}
      propertyPath: m_AnchoredPosition.y
      value: 0
      objectReference: {fileID: 0}
    - target: {fileID: 8105660400821672061, guid: d1f6b3fc8b7c3ff4cb5c5ca90eab1e21,
        type: 3}
      propertyPath: m_AnchorMax.y
      value: 0
      objectReference: {fileID: 0}
    - target: {fileID: 8105660400821672061, guid: d1f6b3fc8b7c3ff4cb5c5ca90eab1e21,
        type: 3}
      propertyPath: m_AnchorMin.y
      value: 0
      objectReference: {fileID: 0}
    - target: {fileID: 8105660400821672061, guid: d1f6b3fc8b7c3ff4cb5c5ca90eab1e21,
        type: 3}
      propertyPath: m_SizeDelta.x
      value: 0
      objectReference: {fileID: 0}
    - target: {fileID: 8105660400821672061, guid: d1f6b3fc8b7c3ff4cb5c5ca90eab1e21,
        type: 3}
      propertyPath: m_AnchoredPosition.x
      value: 0
      objectReference: {fileID: 0}
    - target: {fileID: 8105660400821672061, guid: d1f6b3fc8b7c3ff4cb5c5ca90eab1e21,
        type: 3}
      propertyPath: m_AnchoredPosition.y
      value: 0
      objectReference: {fileID: 0}
    - target: {fileID: 8105660400864114528, guid: d1f6b3fc8b7c3ff4cb5c5ca90eab1e21,
        type: 3}
      propertyPath: m_AnchorMax.y
      value: 0
      objectReference: {fileID: 0}
    - target: {fileID: 8105660400864114528, guid: d1f6b3fc8b7c3ff4cb5c5ca90eab1e21,
        type: 3}
      propertyPath: m_AnchorMin.y
      value: 0
      objectReference: {fileID: 0}
    - target: {fileID: 8105660400864114528, guid: d1f6b3fc8b7c3ff4cb5c5ca90eab1e21,
        type: 3}
      propertyPath: m_AnchoredPosition.x
      value: 0
      objectReference: {fileID: 0}
    - target: {fileID: 8105660400864114528, guid: d1f6b3fc8b7c3ff4cb5c5ca90eab1e21,
        type: 3}
      propertyPath: m_AnchoredPosition.y
      value: 0
      objectReference: {fileID: 0}
    - target: {fileID: 8105660401388476030, guid: d1f6b3fc8b7c3ff4cb5c5ca90eab1e21,
        type: 3}
      propertyPath: m_Name
      value: WebBrowser
      objectReference: {fileID: 0}
    - target: {fileID: 8105660401388476031, guid: d1f6b3fc8b7c3ff4cb5c5ca90eab1e21,
        type: 3}
      propertyPath: m_Pivot.x
      value: 0.5
      objectReference: {fileID: 0}
    - target: {fileID: 8105660401388476031, guid: d1f6b3fc8b7c3ff4cb5c5ca90eab1e21,
        type: 3}
      propertyPath: m_Pivot.y
      value: 0.5
      objectReference: {fileID: 0}
    - target: {fileID: 8105660401388476031, guid: d1f6b3fc8b7c3ff4cb5c5ca90eab1e21,
        type: 3}
      propertyPath: m_RootOrder
      value: 0
      objectReference: {fileID: 0}
    - target: {fileID: 8105660401388476031, guid: d1f6b3fc8b7c3ff4cb5c5ca90eab1e21,
        type: 3}
      propertyPath: m_AnchorMax.x
      value: 1
      objectReference: {fileID: 0}
    - target: {fileID: 8105660401388476031, guid: d1f6b3fc8b7c3ff4cb5c5ca90eab1e21,
        type: 3}
      propertyPath: m_AnchorMax.y
      value: 1
      objectReference: {fileID: 0}
    - target: {fileID: 8105660401388476031, guid: d1f6b3fc8b7c3ff4cb5c5ca90eab1e21,
        type: 3}
      propertyPath: m_AnchorMin.x
      value: 0
      objectReference: {fileID: 0}
    - target: {fileID: 8105660401388476031, guid: d1f6b3fc8b7c3ff4cb5c5ca90eab1e21,
        type: 3}
      propertyPath: m_AnchorMin.y
      value: 0
      objectReference: {fileID: 0}
    - target: {fileID: 8105660401388476031, guid: d1f6b3fc8b7c3ff4cb5c5ca90eab1e21,
        type: 3}
      propertyPath: m_SizeDelta.x
      value: 0
      objectReference: {fileID: 0}
    - target: {fileID: 8105660401388476031, guid: d1f6b3fc8b7c3ff4cb5c5ca90eab1e21,
        type: 3}
      propertyPath: m_SizeDelta.y
      value: 0
      objectReference: {fileID: 0}
    - target: {fileID: 8105660401388476031, guid: d1f6b3fc8b7c3ff4cb5c5ca90eab1e21,
        type: 3}
      propertyPath: m_LocalPosition.x
      value: 0
      objectReference: {fileID: 0}
    - target: {fileID: 8105660401388476031, guid: d1f6b3fc8b7c3ff4cb5c5ca90eab1e21,
        type: 3}
      propertyPath: m_LocalPosition.y
      value: 0
      objectReference: {fileID: 0}
    - target: {fileID: 8105660401388476031, guid: d1f6b3fc8b7c3ff4cb5c5ca90eab1e21,
        type: 3}
      propertyPath: m_LocalPosition.z
      value: 0
      objectReference: {fileID: 0}
    - target: {fileID: 8105660401388476031, guid: d1f6b3fc8b7c3ff4cb5c5ca90eab1e21,
        type: 3}
      propertyPath: m_LocalRotation.w
      value: 1
      objectReference: {fileID: 0}
    - target: {fileID: 8105660401388476031, guid: d1f6b3fc8b7c3ff4cb5c5ca90eab1e21,
        type: 3}
      propertyPath: m_LocalRotation.x
      value: -0
      objectReference: {fileID: 0}
    - target: {fileID: 8105660401388476031, guid: d1f6b3fc8b7c3ff4cb5c5ca90eab1e21,
        type: 3}
      propertyPath: m_LocalRotation.y
      value: -0
      objectReference: {fileID: 0}
    - target: {fileID: 8105660401388476031, guid: d1f6b3fc8b7c3ff4cb5c5ca90eab1e21,
        type: 3}
      propertyPath: m_LocalRotation.z
      value: -0
      objectReference: {fileID: 0}
    - target: {fileID: 8105660401388476031, guid: d1f6b3fc8b7c3ff4cb5c5ca90eab1e21,
        type: 3}
      propertyPath: m_AnchoredPosition.x
      value: 0
      objectReference: {fileID: 0}
    - target: {fileID: 8105660401388476031, guid: d1f6b3fc8b7c3ff4cb5c5ca90eab1e21,
        type: 3}
      propertyPath: m_AnchoredPosition.y
      value: 0
      objectReference: {fileID: 0}
    - target: {fileID: 8105660401388476031, guid: d1f6b3fc8b7c3ff4cb5c5ca90eab1e21,
        type: 3}
      propertyPath: m_LocalEulerAnglesHint.x
      value: 0
      objectReference: {fileID: 0}
    - target: {fileID: 8105660401388476031, guid: d1f6b3fc8b7c3ff4cb5c5ca90eab1e21,
        type: 3}
      propertyPath: m_LocalEulerAnglesHint.y
      value: 0
      objectReference: {fileID: 0}
    - target: {fileID: 8105660401388476031, guid: d1f6b3fc8b7c3ff4cb5c5ca90eab1e21,
        type: 3}
      propertyPath: m_LocalEulerAnglesHint.z
      value: 0
      objectReference: {fileID: 0}
    m_RemovedComponents: []
  m_SourcePrefab: {fileID: 100100000, guid: d1f6b3fc8b7c3ff4cb5c5ca90eab1e21, type: 3}
